@TechReport{rfc5109,
	AUTHOR = "A. Li",
	TITLE = "{RTP Payload Format for Generic Forward Error Correction}",
	TYPE = "{RFC}",
	NUMBER = "5109",
	INSTITUTION = "{Internet Engineering Task Force}",
	PUBLISHER = "{RFC Editor}",
	YEAR = 2007,
	MONTH = "December",
	PAGES = "1-44",
	DOI = "{10.17487/RFC5109}",
	HOWPUBLISHED = "{Internet Requests for Comments}",
	URL = "{http://www.rfc-editor.org/rfc/rfc5109.txt}"
}

@inproceedings{bernoulli_VS_gilbert,
	title={Measurement and modelling of the temporal dependence in packet loss},
	author={Yajnik M, Moon S, Kurose J, et al},
	booktitle={INFOCOM},
	pages={345-352},
	year={1999},
	organization={IEEE}
}


@inproceedings{NP-complete,
	title={Reducibility among combinatorial problems},
	author={Karp R M},
	booktitle={Complexity of computer computations},
	pages={85-103},
	year={1972},
	organization={Springer}
}



@inproceedings{Viewport-adaptive,
	title={Viewport-adaptive navigable 360-degree video delivery},
	author={Corbillon X, Simon G, Devlic A, et al},
	booktitle={IEEE International Conference on Communications},
	pages={1-7},
	year={2017},
	organization={IEEE}
}

@inproceedings{Corbillon_dataset,
	title={360-Degree Video Head Movement Dataset},
	author={Corbillon X, De Simone F, Simon G},
	booktitle={IEEE International Conference on Communications},
	pages={199-204},
	year={2017},
	organization={ACM}
}

@inproceedings{360ProbDASH,
	title={360ProbDASH: Improving QoE of 360 Video Streaming Using Tile-based HTTP Adaptive Streaming},
	author={Xie L, Xu Z, Ban Y, et al},
	booktitle={IEEE International Conference on Communications},
	pages={315-323},
	year={2017},
	organization={ACM}
}

@inproceedings{FESTIVE,
	title={Improving fairness, efficiency, and stability in HTTP-based adaptive video streaming with FESTIVE},
	author={Junchen Jiang, Vyas Sekar, Hui Zhang},
	booktitle={CoNEXT},
	pages={97-108},
	year={2012},
	organization={ACM}
}


@inproceedings{Adaptive_Streaming_Framework,
	title={An HTTP/2-Based Adaptive Streaming Framework for 360Â° Virtual Reality Videos},
	author={Petrangeli S, Swaminathan V, Hosseini M, et al},
	booktitle={ACM Multimedia Conference},
	pages={306-314},
	year={2017},
	organization={ACM}
}

@inproceedings{Characterization,
	title={Characterization of 360-degree Videos},
	author={Shahryar Afzal, Jiasi Chen, Ramakrishnan K K},
	booktitle={The Workshop on Virtual Reality \& Augmented Reality Network},
	pages={1-6},
	year={2017},
	organization={ACM}
}

@inproceedings{View_direction_and_bandwidth,
	title={View direction and bandwidth adaptive 360 degree video streaming using a two-tier system},
	author={Duanmu F, Kurdoglu E, Liu Y, et al},
	booktitle={IEEE International Symposium on Circuits and Systems},
	pages={1-4},
	year={2017},
	organization={IEEE}
}

@inproceedings{Two-tier,
	title={Prioritized Buffer Control in Two-tier 360 Video Streaming},
	author={Duanmu F, Kurdoglu E, Hosseini S A, et al},
	booktitle={Proceedings of the Workshop on Virtual Reality and Augmented Reality Network},
	pages={13-18},
	year={2017},
	organization={ACM}
}

@inproceedings{360cellular,
	title={Optimizing 360 video delivery over cellular networks},
	author={Qian F, Ji L, Han B, et al},
	booktitle={autonomic and trusted computing},
	pages={1-6},
	year={2016},
	organization={ACM}
}

@inproceedings{projection,
	title={Streaming Virtual Reality Content},
	author={Elganainy T, Hefeeda M},
	booktitle={ArXiv},
	pages={},
	year={2016},
	organization={}
}


@inproceedings{Omnidirectional_Video_over_HTTP,
	title={Towards Bandwidth Efficient Adaptive Streaming of Omnidirectional Video over HTTP: Design, Implementation, and Evaluation},
	author={Graf M, Mueller C, Mueller C},
	booktitle={ACM on Multimedia Systems Conference},
	pages={261-271},
	year={2017},
	organization={ACM}
}



@inproceedings{MPLOT_a,
	title={MPLOT: A Transport Protocol Exploiting Multipath Diversity Using Erasure Codes},
	author={Sharma V, Kalyanaraman S, Kar K, et al},
	booktitle={INFOCOM},
	pages={121-125},
	year={2008},
	organization={IEEE}
}

@inproceedings{FMTCP_a,
	title={FMTCP: A Fountain Code-Based Multipath Transmission Control Protocol},
	author={Cui Y, Wang X, Wang H, et al},
	booktitle={International Conference on Distributed Computing Systems},
	pages={366-375},
	year={2012},
	organization={IEEE}
}


@inproceedings{HMTP,
	title={Multipath transport protocol for heterogeneous multi-homing networks},
	author={Hwang Y, Obele B O, Lim H},
	booktitle={Proceedings of the ACM CoNEXT Student Workshop},
	pages={1-2},
	year={2010},
	organization={ACM}
}

@inproceedings{multipath_QUIC,
	title={Multipath QUIC: Design and Evaluation},
	author={Quentin De Coninck, Olivier Bonaventure},
	booktitle={CoNEXT},
	pages={160-166},
	year={2017},
	organization={ACM}
}

@inproceedings{IETF-MPTCP,
	title={MultiPath TCP: from theory to practice},
	author={Barr, bastien, Paasch C, et al},
	booktitle={International Conference on Research in Networking},
	pages={444-457},
	year={2011},
	organization={2011}
}

@inproceedings{TRFC,
	title={Equation-based congestion control for unicast applications},
	author={Floyd S, Handley M, Padhye J},
	booktitle={In Proceedings of SIGCOMM},
	pages={43-56},
	year={2000},
	organization={ACM}
}

@inproceedings{LT,
	title={LT Codes},
	author={Luby M},
	booktitle={IEEE Symposium on Foundations of Computer Science},
	pages={271 - 280},
	year={2002},
	organization={IEEE Computer Society}
}

@inproceedings{360_SVC,
	title={Adaptive 360-degree video streaming using layered video coding},
	author={Taghavinasrabadi A, Mahzari A, Beshay J D, et al},
	booktitle={Virtual Reality},
	pages={347-348},
	year={2017},
	organization={IEEE Computer Society}
}



@inproceedings{Furion,
	title={Furion: Engineering High-Quality Immersive Virtual Reality on Today's Mobile Devices},
	author={Lai Z, Hu Y C, Cui Y, et al},
	booktitle={MobiCom},
	pages={409-421},
	year={2017},
	organization={ACM}
}

@inproceedings{360_Measurement,
	title={A Measurement Study of Oculus 360 Degree Video Streaming},
	author={Zhou C, Li Z, Liu Y},
	booktitle={ACM on Multimedia Systems Conference},
	pages={27-37},
	year={2017},
	organization={ACM}
}

@inproceedings{predicition_CVPR,
	title={Making 360 video watchable in 2d: Learning videography for click free viewing},
	author={Su Y C, Grauman K},
	booktitle={CVPR},
	pages={1368-1376 },
	year={2017},
	organization={IEEE}
}



@inproceedings{prediction_ICNP,
	title={Viewing 360 degree videos: Motion prediction and bandwidth optimization},
	author={Bao Y, Wu H, Ramli A A, et al},
	booktitle={International Conference on Network Protocols},
	pages={1-2},
	year={2016},
	organization={IEEE}
}


@article{Simulator_Sickness,
	title={Characteristics of headmounted displays and their effects on simulator sickness},
	author={J. D. Moss and E. R. Muth},
	journal={Human Factors: The Journal of the Human Factors and Ergonomics Society},
	volume={53},
	number={3},
	pages={308-319},
	year={2011},
}


@article{VSNR,
	title={VSNR: a wavelet-based visual signal-to-noise ratio for natural images},
	author={Chandler D M, Hemami S S},
	journal={IEEE/ACM Transactions on Networking},
	volume={16},
	number={9},
	pages={2284-2298},
	year={2007},
	publisher={IEEE/ACM}
}


@article{MPLOT,
	title={A transport protocol to exploit multipath diversity in wireless networks},
	author={Sharma V, Kalyanaraman S, Kar K, et al},
	journal={IEEE/ACM Transactions on Networking},
	volume={20},
	number={4},
	pages={1024-1039},
	year={2012},
	publisher={IEEE/ACM}
}

@article{FMTCP,
	title={FMTCP:a fountain code-based multipath transmission control protocol},
	author={Cui Y, Wang L, Wang X, et al},
	journal={IEEE/ACM Transactions on Networking},
	volume={23},
	number={2},
	pages={465-478},
	year={2015},
	publisher={IEEE/ACM}
}



@article{CMT-VR,
	title={Improving Multipath Video Transmission With Raptor Codes in Heterogeneous Wireless Networks},
	author={Wu J, Cheng B, Wang M},
	journal={IEEE Transactions on Multimedia},
	volume={20},
	number={2},
	pages={457-472},
	year={2017},
	publisher={IEEE}
}

@article{MPMTP,
	title={MPMTP: Multipath Multimedia Transport Protocol using Systematic Raptor Codes over Wireless Networks},
	author={Kwon O C, Go Y, Park Y, et al},
	journal={IEEE Transactions on Mobile Computing},
	volume={14},
	number={9},
	pages={1903-1916},
	year={2015},
	publisher={IEEE}
}

@article{ADMIT,
	title={Streaming High-Quality Mobile Video with Multipath TCP in Heterogeneous Wireless Networks},
	author={Wu J, Yuen C, Cheng B, et al},
	journal={IEEE Transactions on Mobile Computing},
	volume={15},
	number={9},
	pages={2345-2361},
	year={2016},
	publisher={IEEE}
}


@article{ASCOT,
	title={Delay-Constrained High Definition Video Transmission in Heterogeneous Wireless Networks with Multi-homed Terminals},
	author={Wu J, Yuen C, Cheung N M, et al},
	journal={IEEE Transactions on Mobile Computing},
	volume={15},
	number={3},
	pages={641-655},
	year={2016},
	publisher={IEEE}
}

@article{Virtual_Path,
	title={An End-to-End Virtual Path Construction System for Stable Live Video Streaming over Heterogeneous Wireless Networks},
	author={Han S, Joo H, Lee D},
	journal={IEEE Journal on Selected Areas in Communications},
	volume={29},
	number={5},
	pages={1032-1041},
	year={2011},
	publisher={IEEE}
}


@article{wu_distortion_model,
	title={Distortion-Aware Concurrent Multipath Transfer for Mobile Video Streaming in Heterogeneous Wireless Networks},
	author={Wu J, Cheng B, Yuen C, et al},
	journal={IEEE Transactions on Mobile Computing},
	volume={14},
	number={4},
	pages={688-701},
	year={2015},
	publisher={IEEE}
}

@article{mp_Adaptive_Algorithm,
	title={A Real-Time Adaptive Algorithm for Video Streaming over Multiple Wireless Access Networks},
	author={Xing M, Xiang S, Cai L},
	journal={IEEE Journal on Selected Areas in Communications},
	volume={32},
	number={4},
	pages={795-805},
	year={2014},
	publisher={IEEE}
}


@article{distortion_model,
	title={Distortion-aware scalable video streaming to multinetwork clients},
	author={Freris N M, Hsu C H, Singh J P, et al},
	journal={IEEE/ACM Transactions on Networking},
	volume={21},
	number={2},
	pages={469-481},
	year={2013},
	publisher={IEEE/ACM}
}


@article{MPEG-DASH,
	title={The MPEG-DASH Standard for Multimedia Streaming Over the Internet},
	author={Sodagar I},
	journal={IEEE Multimedia},
	volume={18},
	number={4},
	pages={62-67},
	year={2011},
	publisher={IEEE}
}



@article{fast_gilbert_model,
	title={Leveraging the Delay-Friendliness of TCP With FEC Coding in Real-Time Video Communication},
	author={Wu J, Yuen C, Chen J},
	journal={IEEE Transactions on Communications},
	volume={63},
	number={10},
	pages={3584-3599},
	year={2015},
	publisher={IEEE}
}


@article{FEC_performance,
	title={FEC performance in multimedia streaming},
	author={Frossard P},
	journal={IEEE Communications Letters},
	volume={5},
	number={3},
	pages={122-124},
	year={2001},
	publisher={IEEE}
}



@article{HEVC,
	title={Overview of the High Efficiency Video Coding (HEVC) Standard},
	author={Sullivan G J, Ohm J, Han W J, et al},
	journal={IEEE Transactions on Circuits \& Systems for Video Technology},
	volume={22},
	number={12},
	pages={1649-1668},
	year={2012},
	publisher={IEEE}
}


@article{HEVC_extention,
	title={Standardized Extensions of High Efficiency Video Coding (HEVC)},
	author={Sullivan G J, Boyce J M, Chen Y, et al},
	journal={IEEE Journal of Selected Topics in Signal Processing},
	volume={7},
	number={6},
	pages={1001-1016},
	year={2013},
	publisher={IEEE}
}

@article{HEVC_tile,
	title={Misra K, Segall A, Horowitz M, et al},
	author={An Overview of Tiles in HEVC},
	journal={Journal of Selected Topics in Signal Processing},
	volume={7},
	number={6},
	pages={969-977},
	year={2013},
	publisher={IEEE}
}
@article{FFT-RS,
	title={Novel Polynomial Basis With Fast Fourier Transform and Its Application to ReedâSolomon Erasure Codes},
	author={Lin S J, Al-Naffouri T Y, Han Y S, et al},
	journal={IEEE Transactions on Information Theory},
	volume={62},
	number={11},
	pages={6284-6299},
	year={2016},
	publisher={IEEE}
}


@article{TCP,
	title={The design philosophy of the DARPA internet protocols},
	author={Clark D},
	journal={ACM Sigcomm Computer Communication Review},
	volume={18},
	number={4},
	pages={106-114},
	year={1988},
	publisher={ACM}
}
@article{spike,
	title={End-to-end differentiation of congestion and wireless losses},
	author={Cen S, Cosman P C, Voelker G M},
	journal={IEEE/ACM Transactions on Networking},
	volume={11},
	number={5},
	pages={703-717},
	year={2003},
	publisher={IEEE/ACM}
}

@article{gilbert_model,
	title={Capacity of a burst-noise channel},
	author={E. Gilbert},
	journal={Bell Labs Tech},
	volume={39},
	number={5},
	pages={1253-1265},
	year={1960},
	publisher={IEEE society}
}


@article{prediction_TVCG,
	title={Saliency in VR: How do people explore virtual environments?},
	author={Sitzmann V, Serrano A, Pavel A, et al},
	journal={IEEE Transactions on Visualization \& Computer Graphics},
	volume={24},
	number={4},
	pages={1633-1642},
	year={2018 },
	publisher={IEEE}
}


@misc{360Transformations,
	author = {},
	title = {360Transformations},
	howpublished = {https://github.com/xmar/360Transformations}
}


@misc{120fps,
	author = {},
	title = {360Transformations},
	howpublished = {https://www.blurbusters.com/google-and-lg-creates-vr-amoled-120-hz-at-5500x3000/}
}



@misc{opensignal,
	author = {},
	title = {},
	howpublished = {https://opensignal.com/reports-data/global/data-2017-11/report.pdf}
}

@misc{google_developers,
	author = {},
	title = {},
	howpublished = {https://developers.google.com/vr/discover/360-degree-media}
}

@misc{SUMSUNG_HEADSET,
	author = {},
	title = {},
	howpublished = {https://www.samsung.com/us/mobile/virtual-reality/}
}

@misc{NBC_olympic_360,
	author = {},
	title = {},
	howpublished = {https://www.samsung.com/us/mobile/virtual-reality/}
}


@misc{facebook360,
	author = {},
	title = {},
	howpublished = {https://facebook360.fb.com/}
}

@misc{youtube,
	author = {},
	title = {},
	howpublished = {https://www.youtube.com/}
}
@misc{vemo,
	author = {},
	title = {},
	howpublished = {https://www.vemo.com/}
}
@misc{youku,
	author = {},
	title = {},
	howpublished = {https://www.youku.com/}
}

@misc{TC,
	author = {},
	title = {},
	howpublished = {http://man7.org/linux/man-pages/man8/tc-netem.8.html}
}
















@inproceedings{vanjacobson,
  author = "Van Jacobson and Michael J. Karels",
  title = "Congestion Avoidance and Control",
  booktitle = "In Proceedings of the Sigcomm '88 Symposium",
  address = "Stanford, CA",
  month = aug,
  year = 1988
}

